@article{price2007,
    doi = {10.1111/j.1467-8322.2007.00510.x},
    url = {http://dx.doi.org/10.1111/j.1467-8322.2007.00510.x},
    issn = {0268-540X},
    year = {2007},
    month = {Jun},
    pages = {8-13},
    title = {Buying a piece of anthropology Part 1: Human Ecology and unwitting anthropological research for the CIA},
    number = {3},
    volume = {23},
    journal = {Anthropology Today},
    publisher = {Wiley},
    author = {DAVID H. PRICE}
}

@article{B_H._2007,
    doi = {10.1111/j.1467-8322.2007.00537.x},
    url = {http://dx.doi.org/10.1111/j.1467-8322.2007.00537.x},
    issn = {0268-540X},
    year = {2007},
    month = {Oct},
    pages = {17-22},
    title = {Buying a piece of anthropology. Part Two: The CIA and our tortured past},
    number = {5},
    volume = {23},
    journal = {Anthropology Today},
    publisher = {Wiley},
    author = {DAVID H. PRICE}
}

